
@book{lam1994,
    title =	"\LaTeX: A Document Preparation System",
    edition = 	"Second",
    author =	"Leslie Lamport",
    publisher =	"Addison-Wesley Publishing Company",
    year =	"1994",
    isbn =	"0-201-52983-1",
}



@inproceedings{med1996,
    author =     "Nenad Medvidovic and Richard N. Taylor and
		  E. James Whitehead Jr.",
    title =      "Formal Modelling of Software Architectures at
		  Multiple Levels of Abstraction",
    booktitle =  "Proceedings of the California Software Symposium",
    month =      "Apr",
    year =       "1996",
    pages =      "28--40",
    doi =        "http://www-old.ics.uci.edu/pub/c2/publications.html",
}

@article{med2002,
    author =        "Nenad Medvidovic and David S. Rosenblum and
                     David F. Redmiles and Jason E. Robbins",
    title =         "Modeling Software Architectures in the Unified
                     Modeling Language",
    journal =       "ACM Transactions on Software Engineering and
                     Methodology (TOSEM)",
    volume =        "11",
    number =        "1",
    year =          "2002",
    issn =          "1049-331X",
    pages =         "2--57",
    doi =           "http://doi.acm.org/10.1145/504087.504088",
    publisher =     "ACM Press",
}
