%%--------------------------------------
%% Bibliography
%% Updated: 3/28/2008
%%--------------------------------------
@book{ johnson05,
 title =	"Professional Java Development with the Spring Framework",
 author = "Rod Johnson and Juergen Hoeller and Alef Arendsen and Thomas Risberg and Colin Sampaleanu",
 publisher = "Wiley Publishing, Inc",
 year = "2005",
 isbn = "0-7645-7483-3"
}
@book{ pickaxe,
 title = "Programming Ruby The Pragmatic Programmer's Guide",
 edition = "Second",
 author = "Dave Thomas",
 publisher = "The Pragmatic Bookshelf",
 year = "2005",
 isbn = "0-9745140-5-5"
}
@book { armstrong,
 title = "Programming Erlang",
 author = "Joe Armstrong",
 publisher = "The Pragmatic Bookshelf",
 year = "2007",
 isbn = "1-9343560-0"
}
@book { koskelam,
 title = "Test Driven, Practical TDD and Acceptance TDD for Java Developers",
 author = "Lasse Koskela",
 publisher = "Manning Publications Co.",
 year = "2008",
 isbn = "1-932394-85-0"
}
@book { segaran,
 title = "Programming Collective Intelligence",
 author = "Toby Segaran", 
 publisher = "O'Reilly Media, Inc",
 year = "2007",
 isbn = "0-596-52932-5"
}
@book { hudak,
 title = "The Haskell School of Expression, Learning Functional Programming Through Multimedia",
 author = "Paul Hudak", 
 publisher = "Cambridge University Press",
 year = "2000",
 isbn = "978-0-521-644-08-2"
}
@book { thompson,
 title = "The Craft of Functional Programming",
 edition = "Second",
 author = "Simon Thompson",
 publisher = "Addison Wesley Longman Limited",
 year = "1999",
 isbn = "0-201-34275-8"
}
